@ARTICLE{AMCSM2019,
  author = {Kuvyrkin, G. N. and Savelyeva, I. Yu. and Sokolov, A. A.},
  addendum = {(Scopus, WoS)},
  title = {Features of the software implementation of the numerical solution of stationary heat equation taking into account the effects of nonlocal finite element method},
  journal = {Journal of Physics: Conference Series},
  year = {2020},
  volume = {1479},
  number = {1},
  pages = {},
  media = {},
  doi = {10.1088/1742-6596/1479/1/012034},
  language = {english},
  authorwos = {true},
}

@ARTICLE{ZAMM,
  author = {Kuvyrkin, G. N. and Savelyeva, I. Yu. and Sokolov, A. A.},
  addendum = {(Scopus, WoS)},
  title = {2D nonlocal elasticity: Investigation of stress and strain fields in complex shape regions},
  journal = {Z Angew Math Mech.},
  year = {2023},
  volume = {103},
  pages = {},
  media = {},
  doi = {10.1002/zamm.202200308},
  language = {english},
  authorwos = {true},
}

@ARTICLE{SaintVenant,
  author = {Кувыркин, Г. Н. and Соколов, А. А.},
  addendum = {(ВАК)},
  title = {Принцип Сен-Венана в задачах нелокальной теории упругости},
  journal = {Вестник МГТУ им. Н.Э. Баумана. Сер. Естественные науки},
  year = {2023},
  volume = {109},
  number = {4},
  pages = {4--17},
  media = {},
  doi = {10.18698/1812-3368-2023-4-4-17},
  language = {russian},
  authorvak = {true},
}
