@ARTICLE{Cosserat,
    author = {Cosserat, E. and Cosserat, F.},
    title = "Theory of Deformable Bodies",
    journal = "A. Hermann et Fils",
    media = {},
    volume = "",
    number = "",
    pages = "226",
    year = "1909",
    language = {english},
}

@ARTICLE{QuantumModelling1,
    author = {Friák, M. and Hickel, T. and Körmann, F. and Udyansky, A. and Dick, A. and von Pezold, J. and Ma, D. and Kim, O. and Counts, W. A. and Šob, M. and Gebhardt, T. and Music, D. and Schneider, J. and Raabe, D. and Neugebauer, J.},
    title = "Determining the Elasticity of Materials Employing Quantum-mechanical Approaches: From the Electronic Ground State to the Limits of Materials Stability",
    journal = "steel research int.",
    media = {},
    volume = "82",
    number = "",
    pages = "86--100",
    year = "2011",
    language = {english},
    doi = {10.1002/srin.201000264},
}

@PHDTHESIS{QuantumModelling2,
  author   = {Xiaobao Li},
  title    = {The Coupling between Quantum Mechanics and Elasticity},
  school   = {the Faculty of the Department of Mechanical Engineering University of Houston},
  year     = {2016},
  month    = {5},
  address  = {},
  media    = {},
  note     = {},
  pages = "110",
  language = {english},
}

@ARTICLE{Stohastic1,
    author = {Noshadravan, A. and Ghanem, R. and Guilleminot, J. and Atodaria, I. and Peralta, P.},
    title = "Validation of a probabilistic model for mesoscale elasticity tensor of random polycrystals",
    journal = "International Journal for Uncertainty Quantification",
    media = {},
    volume = "3",
    number = "1",
    pages = "73--100",
    year = "2013",
    language = {english},
    doi = {10.1615/Int.J.UncertaintyQuantification.2012003901},
}

@ARTICLE{Stohastic2,
    author = {Сараев, Л. А.},
    title = "К теории упругости микронеоднородных сред, учитывающей стохастические изменения связаности составляющих компонентов",
    journal = "Вестник Пермского национального исследовательского политехнического университета. Механика",
    media = {},
    volume = "",
    number = "2",
    pages = "132--143",
    year = "2021",
    language = {russian},
    doi = {},
}

@ARTICLE{MonteCarlo1,
    author = {Maugis, P.},
    title = "Nonlinear elastic behavior of iron-carbon alloys at the nanoscale",
    journal = "Computational Materials Science",
    media = {},
    volume = "152",
    number = "",
    pages = "460--469",
    year = "2019",
    language = {english},
    doi = {10.1016/j.commatsci.2018.12.024},
    issn = {0927-0256}
}

@ARTICLE{MonteCarlo2,
    author = {Yan, Z. and Cheng, E.},
    title = "A Novel Monte Carlo Method to Calculate the Thermal Conductivity in Nanoscale Thermoelectric Phononic Crystals Based on Universal Effective Medium Theory",
    journal = "Mathematics",
    media = {},
    volume = "11",
    number = "5",
    pages = "",
    year = "2023",
    language = {english},
    doi = {https://doi.org/10.3390/math11051208},
}

@ARTICLE{Polizzotto1,
    author = {Polizzotto, C. and Fuschi, P. and Pisano, A. A.},
    title = "A nonhomogeneous nonlocal elasticity model",
    journal = "European Journal of Mechanics - A/Solids",
    media = {},
    volume = "25",
    number = "2",
    pages = "308--333",
    year = "2006",
    language = {english},
    doi = {doi:10.1016/j.euromechsol.2005.09.007},
    issn = {0997-7538},
}

@ARTICLE{Polizzotto2,
    author = {Polizzotto, C.},
    title = "Nonlocal elasticity and related variational principles",
    journal = "International Journal of Solids and Structures",
    media = {},
    volume = "38",
    issues = {42--43},
    number = "",
    pages = "",
    year = "2001",
    language = {english},
    doi = {https://doi.org/10.1016/S0020-7683(01)00039-7},
    issn = {0020-7683},
}

@ARTICLE{Pisano1,
    author = {Pisano, A. A. and Sofi, A. and Fuschi, P.},
    title = "Nonlocal integral elasticity: 2D finite element based solutions",
    journal = "International Journal of Solids and Structures",
    media = {},
    volume = "46",
    issues = {21},
    number = "",
    pages = "3836--3849",
    year = "2009",
    language = {english},
    doi = {10.1016/j.ijsolstr.2009.07.009},
    issn = {0020-7683},
}

@ARTICLE{FastGaussTransform,
    author = {Benvenuti, E. and Tralli, A.},
    title = "The fast Gauss transform for non-local integral FE models",
    journal = "Commun. Numer. Meth. Engng.",
    media = {},
    volume = "22",
    issues = {},
    number = "",
    pages = "505--533",
    year = "2006",
    language = {english},
    doi = {10.1002/cnm.827},
    issn = {},
}

@ARTICLE{RadialBasis,
    author = {Wen, P. and Huang, X. and Aliabadi, M.},
    title = "Two Dimensional Nonlocal Elasticity Analysis by Local Integral Equation Method",
    journal = "Computer Modeling in Engineering and Sciences",
    media = {},
    volume = "96",
    issues = {},
    number = "3",
    pages = "199--225",
    year = "2013",
    language = {english},
    doi = {10.3970/cmes.2013.096.199},
    issn = {},
}

@ARTICLE{MeshFree,
    author = {Abdollahi, R. and Boroomand, B.},
    title = "On using mesh-based and mesh-free methods in problems defined by Eringen’s non-local integral model: issues and remedies",
    journal = "An International Journal of Theoretical and Applied Mechanics AIMETA",
    media = {},
    volume = "54",
    issues = {},
    number = "",
    pages = "1801–-1822",
    year = "2019",
    month = {9},
    language = {english},
    doi = {10.1007/s11012-019-01048-6},
    issn = {},
}

@ARTICLE{BondaryLayer,
    author = {Abdollahi, R. and Boroomand, B.},
    title = "Nonlocal elasticity defined by Eringen’s integral model: Introduction of a boundary layer method",
    journal = "International Journal of Solids and Structures",
    media = {},
    volume = "51",
    number = "9",
    issues = {},
    pages = "1758–-1780",
    year = "2014",
    month = {},
    language = {english},
    doi = {10.1016/j.ijsolstr.2014.01.016},
    issn = {},
}

@ARTICLE{ChebPolynom,
    author = {Abdollahi, R. and Boroomand, B.},
    title = "Benchmarks in nonlocal elasticity defined by Eringen’s integral model",
    journal = "International Journal of Solids and Structures",
    media = {},
    volume = "50",
    number = "18",
    issues = {},
    pages = "2758–-2771",
    year = "2013",
    month = {},
    language = {english},
    doi = {10.1016/j.ijsolstr.2013.04.027},
    issn = {},
}

@BOOK{MSS,
  author = {Зарубин, В. С. and Кувыркин, Г. Н.},
  title = {Математические модели механики и электродинамики сплошной среды},
  editor = {},
  address = {Москва},
  publisher = {Изд-во МГТУ им. Н.Э. Баумана},
  year = {2008},
  numpages = {512},
  language = {russian}
}

@ARTICLE{ThermoViscoElasticity1,
    author = {Кувыркин, Г. Н.},
    title = "Математическая модель нелокальной термовязкоупругой среды. Ч. 1. Определяющие уравнения",
    journal = "Вестник МГТУ им. Н.Э. Баумана. Сер. Естественные науки",
    media = {},
    volume = "48",
    number = "1",
    pages = "",
    year = "2013",
    language = {russian},
    doi = {},
}

@ARTICLE{ThermoViscoElasticity2,
    author = {Кувыркин, Г. Н.},
    title = "Математическая модель нелокальной термовязкоупругой среды. Ч. 2. Уравнение теплопроводности",
    journal = "Вестник МГТУ им. Н.Э. Баумана. Сер. Естественные науки",
    media = {},
    volume = "48",
    number = "2",
    pages = "",
    year = "2013",
    language = {russian},
    doi = {},
}

@ARTICLE{ThermoViscoElasticity3,
    author = {Кувыркин, Г. Н.},
    title = "Математическая модель нелокальной термовязкоупругой среды. Ч. 3. Уравнения движения",
    journal = "Вестник МГТУ им. Н.Э. Баумана. Сер. Естественные науки",
    media = {},
    volume = "48",
    number = "3",
    pages = "",
    year = "2013",
    language = {russian},
    doi = {},
}

@BOOK{Pisanetzkiy,
  author = {Писсанецки, С.},
  title = {Технология разреженных матриц},
  editor = {},
  media = {},
  address = {Москва},
  publisher = {Мир},
  year = {1988},
  numpages = {410},
  language = {russian},
  isbn = {5-03-000960-4},
}

@BOOK{Superellipse,
  author = {Савелов, А. А.},
  title = {Плоские кривые: Систематика, свойства, применения. Справочное руководство.},
  editor = {},
  media = {},
  address = {Москва},
  publisher = {URSS},
  year = {2020},
  numpages = {294},
  language = {russian},
  isbn = {978-5-397-07388-2},
}

@PHDTHESIS{PolyInfluence,
    author = {Flatten, A.},
    title = {Lokale und nicht-lokale Modellierung und Simulation thermomechanischer Lokalisierung mit Schädigung für metallische Werkstoffe unter Hochgescwindigkeitsbeanspruchungen},
    school = {der Bundersanstalt fur Materialforschung},
    year = {2008},
    address = {Berlin},
    media = {},
    pages = "199",
    language = {english}
}

@Patent{NonLocFEM,
  heading =      {Свидетельство о гос. регистрации программы для {ЭВМ}},
  author =       {Соколов, А. А},
  title =        {NonLocFEM},
  media =        {},
  holder =       {Соколов, А. А. and Савельева, И. Ю.},
  reqnumber =    {2021661966},
  publdate =     {2022-09-22},
  date =         {2021-07-20},
  prnumber =     {РД040930},
  prcountry =    {countryru},
  language =     {russian},
  authorprogram ={yes},
}

@online{OpenMP,
  title={OpenMP},
  author={},
  journal={},
  number={},
  pages={},
  year={},
  medium={Электронный ресурс},
  url = {https://www.openmp.org/},
  urldate = {19.07.2024},
  language = {russian}
}

@online{MPI,
  title={MPI},
  author={},
  journal={},
  number={},
  pages={},
  year={},
  medium={Электронный ресурс},
  url = {https://www.mpi-forum.org/},
  urldate = {19.07.2024},
  language = {russian}
}

@online{JSONShema,
  title={JSON},
  author={},
  journal={},
  number={},
  pages={},
  year={},
  medium={Электронный ресурс},
  url = {https://json-schema.org/},
  urldate = {19.07.2024},
  language = {russian}
}

@online{EigenLib,
  title={Eigen},
  author={},
  journal={},
  number={},
  pages={},
  year={},
  medium={Электронный ресурс},
  url = {https://eigen.tuxfamily.org/},
  urldate = {19.07.2024},
  language = {russian}
}

@online{NlohmannJson,
  title={nlohmann/json},
  author={Лохманн, Н.},
  journal={},
  number={},
  pages={},
  year={},
  medium={Электронный ресурс},
  url = {https://json.nlohmann.me/},
  urldate = {19.07.2024},
  language = {russian}
}

@online{CppReference,
  title={Справочник по языку программирования C++},
  author={},
  journal={},
  number={},
  pages={},
  year={},
  medium={Электронный ресурс},
  url = {https://en.cppreference.com/},
  urldate = {19.07.2024},
  language = {russian}
}

@online{Conan,
  title={Conan},
  author={},
  journal={},
  number={},
  pages={},
  year={},
  medium={Электронный ресурс},
  url = {https://conan.io/},
  urldate = {19.07.2024},
  language = {russian}
}

@online{CMake,
  title={CMake},
  author={},
  journal={},
  number={},
  pages={},
  year={},
  medium={Электронный ресурс},
  url = {https://cmake.org/},
  urldate = {19.07.2024},
  language = {russian}
}

@online{SpectraLib,
  title={Spectra},
  author={},
  journal={},
  number={},
  pages={},
  year={},
  medium={Электронный ресурс},
  url = {https://spectralib.org/},
  urldate = {19.07.2024},
  language = {russian}
}

@BOOK{Alexandresku,
  author = {Александреску, А.},
  title = {Современное проектирование на C++.},
  editor = {},
  address = {Москва},
  publisher = {Издательский дом <<Вильямс>>},
  year = {2008},
  numpages = {336},
  language = {russian},
  isbn = {},
}

@BOOK{Vandevoorde,
  author = {Вандевурд, Д. and Джосаттис, Н. М. and Грегор Д.},
  title = {Шаблоны C++. Справочник разработчика, 2-е изд.: Пер. с англ.},
  editor = {},
  address = {Санкт-Петербург},
  publisher = {Альфа-книга},
  year = {2018},
  numpages = {848},
  language = {russian},
  isbn = {},
}

@BOOK{KrasnovMeta,
  author = {Краснов, М. М.},
  title = {Метапрограммирование шаблонов C++ в задачах математической физики},
  editor = {},
  address = {Москва},
  publisher = {ИПМ им. М.В. Келдыша},
  year = {2017},
  numpages = {84},
  language = {russian},
  isbn = {},
  doi = {10.20948/mono-2017-krasnov}
}

@BOOK{Demmel,
  author = {Деммель, Дж.},
  title = {Вычислительная линейная алгебра. Теория и приложения},
  editor = {},
  address = {Москва},
  publisher = {Мир},
  year = {2001},
  numpages = {430},
  language = {russian},
  isbn = {5-03-003402-1},
  doi = {}
}

@ARTICLE{MeshOptimization1,
    author = {Madan, G. K. and Ronald, L. H. and Oswald, B.},
    title = "Finite-element grid improvement by minimization of stiffness matrix trace",
    journal = "Computers \& Structures",
    media = {},
    volume = "31",
    number = "6",
    pages = "891--896",
    year = "1989",
    language = {english},
    doi = {10.1016/0045-7949(89)90274-5},
}

@ARTICLE{MeshOptimization2,
    author = {Patrick, M. K.},
    title = "Achieving finite element mesh quality via optimization of the Jacobian matrix norm and associated quantities. Part I—a framework for surface mesh optimization",
    journal = "International Journal for Numerical Methods in Engineering",
    media = {},
    volume = "",
    number = "48",
    pages = "401--420",
    year = "2000",
    language = {english},
    doi = {10.1002/(SICI)1097-0207(20000530)48:3<401::AID-NME880>3.0.CO;2-D},
}

@BOOK{TeorVer,
  author = {Печинкин, А. В. and Тескин, О. И. and Цветкова, Г. М.},
  title = {Теория вероятностей : учебник для втузов},
  editor = {},
    media = {},
  address = {Москва},
  publisher = {Изд-во МГТУ им. Н. Э. Баумана},
  year = {2006},
  numpages = {455},
  language = {russian},
  isbn = {5-7038-2485-0},
  doi = {}
}

@BOOK{Eringen1,
  author = {Eringen, A. C.},
  title = {Nonlocal continuum field teories},
  editor = {},
    media = {},
  address = {New York-Berlin-Heidelberg},
  publisher = {Springer-Verlag},
  year = {2002},
  numpages = {},
  language = {english},
  isbn = {},
  doi = {}
}

@article{Eringen2,
    author = {Eringen, A. C.},
    title = {Simple microfluids},
    journal = {International Journal of Engineering Science},
    volume = {2},
    number = {2},
    pages = {205--217},
    year = {1964},
    issn = {},
    doi = {10.1016/0020-7225(64)90005-9},
    media = {},
}

@InProceedings{Erigen3,
    author="Eringen, A. C.",
    editor="G{\"o}rtler, Henry",
    title="Mechanics of micromorphic materials",
    booktitle="Applied Mechanics",
    year="1966",
    publisher="Springer Berlin Heidelberg",
    address="Berlin, Heidelberg",
    pages="131--138",
    isbn="978-3-662-29364-5",
    doi = {10.1007/978-3-662-29364-5_12},
    language = {english},
    media = {},
}



@BOOK{Andreev,
  author = {Андреев, А. В.},
  title = {Инженерные методы определения концентрации напряжений в деталях машин},
  editor = {},
  address = {Москва},
  publisher = {Машиностроение},
  year = {1976},
  numpages = {72},
  language = {russian},
  isbn = {},
  doi = {}
}

@BOOK{Birger,
  author = {Биргер, И. А. and Шорр, Б. Ф. and Иосилевич, Г. Б.},
  title = {Расчет на прочность деталей машин: Справочник. 4-е изд., перераб. и доп.},
  editor = {},
  address = {Москва},
  publisher = {Машиностроение},
  year = {1993},
  numpages = {640},
  language = {russian},
  isbn = {},
  doi = {}
}

@BOOK{Bezuh,
  author = {Безухов, Н. И.},
  title = {Основы теории упругости и пластичности},
  editor = {},
  address = {Москва},
  publisher = {Изд-во <<Высшая школа>>},
  year = {1968},
  numpages = {512},
  language = {russian},
  isbn = {},
  doi = {}
}

@PHDTHESIS{HighOrderElements,
    author = {Duczek, S.},
    title = {Higher order finite elements and the fictitious domain concept for wave propagation analysis},
    school = {Otto von Guericke University Library},
    year = {2014},
    address = {Magdeburg, Germany},
    medai = {},
    pages = "458",
    language = {english},
    doi = {10.25673/4151}
}

@ARTICLE{QuadraticSerensipity,
    author = {Астионенко, И. А. and Гучек, П. И. and Литвиненко, Е. И. and Хомченко, А. Н.},
    title = "Применение альтернативных серендиповых моделей при решении задач о кручении призматических стержней.",
    journal = "Вестник ХНТУ",
    media = {},
    volume = "46",
    number = "1",
    pages = "",
    year = "2013",
    language = {russian},
    doi = {},
}

@BOOK{Zienkiewicz,
    author = {Zienkiewicz, O. and Taylor, R. and Zhu, J. Z.},
    title = {The Finite Element Method: Its Basis and Fundamentals. Seventh edition.},
    editor = {},
    address = {},
    publisher = {},
    year = {2013},
    numpages = {756},
    language = {english},
    isbn = {},
    media = {},
    doi = {}
}

@BOOK{Bathe,
    author = {Bathe, K-J.},
    title = {Finite Element Procedures. Second edition.},
    editor = {},
    address = {},
    publisher = {},
    year = {2014},
    numpages = {1065},
    language = {english},
    isbn = {},
    doi = {},
    media = {},
}

@BOOK{Aerocosmos1,
    author = {Евстафьев, В. А.},
    title = {Конструирование космических аппаратов. Ч. 1: учебное пособие},
    editor = {},
    address = {Санкт-Петербург},
    publisher = {Балт. гос. техн. ун-т},
    year = {2018},
    numpages = {99},
    language = {russian},
    isbn = {},
    media = {},
    doi = {}
}

@ARTICLE{Aerocosmos2,
    author = {Moosazadeh, H. and Mohammadi, M. M.},
    title = "Time domain aero-thermo-elastic instability of two-dimensional non-linear curved panels with the effect of in-plane load considered",
    journal = "SN Appl. Sci",
    media = {},
    volume = "2",
    number = "",
    pages = "",
    year = "2020",
    language = {english},
    doi = {10.1007/s42452-020-03411-9},
}

@ARTICLE{Aerocosmos3,
    author = {Fazilati, J. and Khalafi, V. and Shahverdi, H.},
    title = "Three-dimensional aero-thermo-elasticity analysis of functionally graded cylindrical shell panels",
    journal = "Proceedings of the Institution of Mechanical Engineers, Part G: Journal of Aerospace Engineering",
    media = {},
    volume = "233",
    number = "5",
    pages = "",
    year = "2019",
    language = {english},
    doi = {10.1177/0954410018763861},
}

@ARTICLE{Aerocosmos4,
    author = {Донской, А. А. and Баритко, Н. В.},
    title = "Кремнийорганические эластомерные теплозащитные материалы низкой плотности",
    journal = "Каучук и Резина",
    media = {},
    volume = "",
    number = "",
    pages = "",
    year = "2003",
    language = {russian},
    doi = {},
}

@ARTICLE{Aerocosmos5,
    author = {Alam, Z. and Parlikar, C. and Kumawat, M. and Lakshmi, S. G. and Das, D.},
    title = "High Temperature Resistant Coatings for Strategic Aero space Applications",
    journal = "Defence Science Journal",
    media = {},
    volume = "73",
    number = "2",
    pages = "171--181",
    year = "2023",
    language = {english},
    doi = {10.14429/dsj.73.18638}
}

@ARTICLE{Aerocosmos6,
    author = {Gokul, S. L. and Swarup, T. K. and Das, D. K. and Roy, M.},
    title = "Erosion behaviour of platinum aluminide bond coat on directionally solidified CM247 and AM1 single crystal superalloys",
    journal = "Surface and Coatings Technology",
    media = {},
    volume = "429",
    number = "",
    pages = "",
    year = "2022",
    language = {english},
    doi = {10.1016/j.surfcoat.2021.127941}
}

@ARTICLE{Aerocosmos7,
    author = {Malvi, B. and Roy, M.},
    title = "Elevated Temperature Erosion of Plasma Sprayed Thermal Barrier Coating",
    journal = "Therm Spray Tech",
    media = {},
    volume = "30",
    number = "",
    pages = "1028–-1037",
    year = "2021",
    language = {english},
    doi = {10.1007/s11666-021-01189-9}
}

@ARTICLE{StroyMech1,
    author = {Галанин, М. П. and Родин, А. С.},
    title = "Решение связанной задачи о термомеханическом контакте элементов твэла",
    journal = "Прикладная механика и техническая физика",
    media = {},
    volume = "65",
    number = "2",
    pages = "99–-109",
    year = "2024",
    language = {russian},
    doi = {10.15372/PMTF202315387}
}


@ARTICLE{StroyMech2,
    author = {Васильева, М. В. and Захаров, П. Е. and Сивцев, П. В. and Спиридонов, Д. А.},
    title = "Численное моделирование задач термоупругости для конструкции с внутренним источником",
    journal = "Математические заметки СВФУ",
    media = {},
    volume = "24",
    number = "3",
    pages = "",
    year = "2018",
    language = {russian},
    doi = {10.25587/SVFU.2018.3.10889}
}

@ARTICLE{StroyMech3,
    author = {Тамразян, А. Г. and Черник, В. И.},
    title = "Жесткость поврежденной пожаром железобетонной колонны при разгрузке после высокоинтенсивного горизонтального воздействия",
    journal = "Вестник МГСУ",
    media = {},
    volume = "18",
    number = "9",
    pages = "1369-–1382",
    year = "2023",
    language = {russian},
    doi = {10.22227/1997-0935.2023.9.1369-1382}
}

@article{StroyMech4,
    author = {Ugur Demir and Caglar Goksu and Ergun Binbir and Alper Ilki},
    title = {Impact of time after fire on post-fire seismic behavior of RC columns},
    journal = {Structures},
    volume = {26},
    pages = {537--548},
    year = {2020},
    issn = {2352-0124},
    doi = {10.1016/j.istruc.2020.04.049},
    language = {english},
    media = {},
}

@article{StroyMech5,
    author = {Jia, Y. and Lu, L. and Wu, G. and Zhang, B. and Wang, H.},
    title = {Temperature Stress Analysis of Super-Long Frame Structures Accounting for Differences in the Linear Expansion Coefficients of Steel and Concrete},
    journal = {Processes},
    volume = {9},
    number = {9},
    pages = {},
    year = {2021},
    doi = {10.3390/pr9091519},
    language = {english},
    media = {},
}

@article{StroyMech6,
    author = {Sydnaoui, Ikhlass and Mohamed, Roslli and Ab Kadir, Mariyana Aida},
    title = {Design Engineering The Effects of Seasonal Thermal Stresses at Concrete Buildings in the Arabic Area},
    journal = {Design Engineering (Toronto)},
    year = {2022},
    month = {10},
    pages = {721--738},
    volume = {6},
    language = {english},
    media = {},
}

@article{MicroElectronic1,
    author = {Kh. Lotfy and Abdelaala Ahmed and A. El-Bary and Abdelhafeez El-Shekhipy and Ramdan S. Tantawi},
    title = {A novel stochastic photo-thermoelasticity model according to a diffusion interaction processes of excited semiconductor medium},
    journal = {Eur. Phys. J. Plus},
    year = {2022},
    month = {},
    pages = {721--738},
    volume = {137},
    doi = {10.1140/epjp/s13360-022-03185-6},
    language = {english},
    media = {},
}

@article{MicroElectronic2,
    author = {Saeed, Abdulkafi and Lotfy, Kh and El-Bary, A. and Ahmed, M.},
    title = {Thermoelastic with photogenerated model of rotating microstretch semiconductor medium under the influence of initial stress},
    journal = {Results in Physics},
    year = {2021},
    month = {11},
    volume = {31},
    doi = {10.1016/j.rinp.2021.104967},
    language = {english},
    media = {},
}

@article{MicroElectronic3,
    author = {Пискун Геннадий Адамович and Алексеев Виктор Федорович and Степченков Олег Витальевич and Попов Александр Николаевич and Беликов Андрей Николаевич and Рыбаков Дмитрий Григорьевич},
    title = {Влияние конфигурации и формы внешних ребер герметичных корпусов технических средств на эффективность отведения тепла от процессора},
    journal = {Известия вузов России. Радиоэлектроника.},
    year = {2023},
    month = {},
    volume = {26},
    number = {5},
    pages = {63--75},
    language = {russian},
    doi = {},
    media = {},
}

@THESIS{Auxetics,
  author   = {Лисовенко, Д. С.},
  title    = {Ауксетическая механика изотропных материалов, кристаллов и анизотропных композитов},
  school   = {Иститут проблем механики им. А. Ю. Ишлинского Российской Академии Наук},
  year     = {2019},
  month    = {},
  address  = {Москва},
  type =         {phdautoref},
  science =      {физ.-мат. наук},
  specialitycode = {01.02.04},
  media    = {},
  note     = {},
  pages    = "392",
  language = {russian},
}

@article{MaterialStructure1,
    author = {Классман, Е. Ю. and Лутфуллин, Р. Я.},
    title = {Влияние температуры нагрева заготовки перед теплой прокаткой на структуру и своства титанового сплава BT22},
    journal = {Фундаментальные проблемы современного материаловедения},
    year = {2024},
    month = {},
    volume = {21},
    number = {2},
    pages = {1811–-1416},
    language = {russian},
    doi = {10.25712/ASTU.1811-1416.2024.02.008},
    media = {},
}

@article{MaterialStructure2,
    author = {Guryev, A. M. and Ivanov, S. G. and Guryev, M. A. and Chernykh, E. V.},
    title = {Structural Factors of Hardening of U8A Carbon Tool Steel under Cyclic Heat Exposure},
    journal = {Technical  Physics},
    year = {2023},
    month = {},
    volume = {68},
    number = {8},
    pages = {171-–176},
    language = {english},
    doi = {10.1134/S1063784223700020},
    media = {},
}

@article{MaterialStructure3,
    author = {Türkmen, İ. and Yalamaç, E.},
    title = {Effect of Alternative Boronizing Mixtures on Boride Layer and Tribological Behaviour of Boronized SAE 1020 Steel},
    journal = {Metals and Materials International},
    year = {2022},
    month = {},
    volume = {28},
    number = {},
    pages = {1--15},
    language = {english},
    doi = {10.1007/s12540-021-00987-8},
    media = {},
}

@BOOK{Multiscale1,
    author = {Абгарян, К. К.},
    title = {Многомасштабное моделирование в задачах структурного материаловедения: монография},
    editor = {},
    address = {Москва},
    publisher = {МАКС Пресс},
    year = {2017},
    numpages = {284},
    language = {russian},
    isbn = {978-5-317-05707-7},
    media = {},
    doi = {}
}

@article{MD1,
    author = {Zhang, Teng and Li, Xiaoyan and Kadkhodaei, Sara and Gao, Huajian},
    year = {2012},
    month = {08},
    pages = {4605-10},
    title = {Flaw Insensitive Fracture in Nanocrystalline Graphene},
    volume = {12},
    journal = {Nano letters},
    doi = {10.1021/nl301908b},
    language = {english},
    media = {},
}

@article{MD2,
    title = {Особенности решеточной теплопроводности наноструктурированных материалов на основе титана и алюминия. Метод молекулярной динамики},
    author = {Трубицын, Виктор Юрьевич and Долгушева, Елена Борисовна},
    year = {2019},
    month = {},
    pages = {},
    volume = {21},
    number = {4},
    journal = {Химическая физика и мезоскопия},
    language = {russian},
    doi = {},
    media = {},
}

@article{MD3,
    title = {Расчет коэффициента теплопроводности нанокристаллов},
    author = {Северюхин, А. В. and Северюхина, О. Ю. and Вахрушев, А. В.},
    year = {2022},
    month = {},
    pages = {115--122},
    volume = {},
    number = {1},
    journal = {Вестник Пермского национального исследовательского политехнического университета. Механика.},
    doi = {10.15593/perm.mech/2022.1.10},
    language = {russian},
    media = {},
}

@article{MD4,
    title = {A molecular dynamics simulation study on enhancement of thermal conductivity of bitumen by introduction of carbon nanotubes},
    journal = {Construction and Building Materials},
    volume = {353},
    pages = {129--166},
    year = {2022},
    issn = {0950-0618},
    doi = {10.1016/j.conbuildmat.2022.129166},
    author = {Lei, L. and Pengfei, L. and Markus, O.},
    language = {english},
    media = {},
}

@article{CosseratAndDislocation,
    title = {Zur Statik und Kinematik des Cosseratschen Kontinuums},
    author = {Günther, W.},
    journal = {Abhandlungen der Braunschweigischen Wissenschaftlichen Gesellschaft Band},
    volume = {10},
    pages = {195–-213},
    year = {1958},
    issn = {},
    language = {english},
    doi = {10.24355/dbbs.084-201212211408-0},
    media = {},
}

@article{Aero1,
    title = {Основные уравнения теории упругости сред с вращательным взаимодействием частиц},
    author = {Аэро, Э. Л. and Кувшинский, Е. В.},
    journal = {Физика твердого тела},
    volume = {2},
    number = {7},
    pages = {1399–1409},
    year = {1960},
    issn = {},
    language = {russian},
    doi = {},
    media = {},
}

@article{Aero2,
    title = {Континуальная теория асимметрической упругости},
    author = {Аэро, Э. Л. and Кувшинский, Е. В.},
    journal = {Физика твердого тела},
    volume = {10},
    number = {9},
    pages = {2689–-2699},
    year = {1964},
    issn = {},
    language = {russian},
    doi = {},
    media = {},
}
