@Patent{progbib1,
  heading =      {Свидетельство о гос. регистрации программы для {ЭВМ}},
  author =       {Соколов, А. А},
  title =        {NonLocFEM},
  media =        {},
  holder =       {Соколов, А. А. and Савельева, И. Ю.},
  reqnumber =    {2021661966},
  publdate =     {2022-09-22},
  date =         {2021-07-20},
  prnumber =     {РД040930},
  prcountry =    {countryru},
  language =     {russian},
  authorprogram ={yes},
}
